%YAML 1.1
%TAG !u! tag:unity3d.com,2011:
--- !u!1 &4352501815459668479
GameObject:
  m_ObjectHideFlags: 0
  m_CorrespondingSourceObject: {fileID: 0}
  m_PrefabInstance: {fileID: 0}
  m_PrefabAsset: {fileID: 0}
  serializedVersion: 6
  m_Component:
  - component: {fileID: 4352501815459668477}
  - component: {fileID: 4352501815459668478}
  - component: {fileID: 4352501815459668476}
  m_Layer: 0
  m_Name: Player Input
  m_TagString: Untagged
  m_Icon: {fileID: 0}
  m_NavMeshLayer: 0
  m_StaticEditorFlags: 0
  m_IsActive: 1
--- !u!4 &4352501815459668477
Transform:
  m_ObjectHideFlags: 0
  m_CorrespondingSourceObject: {fileID: 0}
  m_PrefabInstance: {fileID: 0}
  m_PrefabAsset: {fileID: 0}
  m_GameObject: {fileID: 4352501815459668479}
  m_LocalRotation: {x: 0, y: 0, z: 0, w: 1}
  m_LocalPosition: {x: 0, y: 0.5, z: 0.11999999}
  m_LocalScale: {x: 1, y: 1, z: 1}
  m_Children: []
  m_Father: {fileID: 0}
  m_RootOrder: 0
  m_LocalEulerAnglesHint: {x: 0, y: 0, z: 0}
--- !u!114 &4352501815459668478
MonoBehaviour:
  m_ObjectHideFlags: 0
  m_CorrespondingSourceObject: {fileID: 0}
  m_PrefabInstance: {fileID: 0}
  m_PrefabAsset: {fileID: 0}
  m_GameObject: {fileID: 4352501815459668479}
  m_Enabled: 1
  m_EditorHideFlags: 0
  m_Script: {fileID: 11500000, guid: 62899f850307741f2a39c98a8b639597, type: 3}
  m_Name: 
  m_EditorClassIdentifier: 
  m_Actions: {fileID: -944628639613478452, guid: 34b000f77381add47baa09892d49338c, type: 3}
  m_NotificationBehavior: 2
  m_UIInputModule: {fileID: 0}
  m_DeviceLostEvent:
    m_PersistentCalls:
      m_Calls:
      - m_Target: {fileID: 4352501815459668476}
        m_TargetAssemblyTypeName: PlayerInputHandler, Assembly-CSharp
        m_MethodName: DeviceLost
        m_Mode: 0
        m_Arguments:
          m_ObjectArgument: {fileID: 0}
          m_ObjectArgumentAssemblyTypeName: UnityEngine.Object, UnityEngine
          m_IntArgument: 0
          m_FloatArgument: 0
          m_StringArgument: 
          m_BoolArgument: 0
        m_CallState: 2
  m_DeviceRegainedEvent:
    m_PersistentCalls:
      m_Calls:
      - m_Target: {fileID: 4352501815459668476}
        m_TargetAssemblyTypeName: PlayerInputHandler, Assembly-CSharp
        m_MethodName: DeviceRegained
        m_Mode: 0
        m_Arguments:
          m_ObjectArgument: {fileID: 0}
          m_ObjectArgumentAssemblyTypeName: UnityEngine.Object, UnityEngine
          m_IntArgument: 0
          m_FloatArgument: 0
          m_StringArgument: 
          m_BoolArgument: 0
        m_CallState: 2
  m_ControlsChangedEvent:
    m_PersistentCalls:
      m_Calls: []
  m_ActionEvents:
  - m_PersistentCalls:
      m_Calls:
      - m_Target: {fileID: 4352501815459668476}
        m_TargetAssemblyTypeName: PlayerInputHandler, Assembly-CSharp
        m_MethodName: OnMove
        m_Mode: 0
        m_Arguments:
          m_ObjectArgument: {fileID: 0}
          m_ObjectArgumentAssemblyTypeName: UnityEngine.Object, UnityEngine
          m_IntArgument: 0
          m_FloatArgument: 0
          m_StringArgument: 
          m_BoolArgument: 0
        m_CallState: 2
    m_ActionId: 8ea03caa-4561-4f78-8677-f4b100691fc2
    m_ActionName: Player/Walk[/XInputControllerWindows/leftStick,/Keyboard/w,/Keyboard/s,/Keyboard/a,/Keyboard/d]
  - m_PersistentCalls:
      m_Calls:
      - m_Target: {fileID: 4352501815459668476}
        m_TargetAssemblyTypeName: PlayerInputHandler, Assembly-CSharp
        m_MethodName: OnSprint
        m_Mode: 0
        m_Arguments:
          m_ObjectArgument: {fileID: 0}
          m_ObjectArgumentAssemblyTypeName: UnityEngine.Object, UnityEngine
          m_IntArgument: 0
          m_FloatArgument: 0
          m_StringArgument: 
          m_BoolArgument: 0
        m_CallState: 2
    m_ActionId: 24ba752a-4f6e-4567-a8b7-8231842731ca
    m_ActionName: Player/Sprint[/XInputControllerWindows/buttonWest,/Keyboard/leftShift]
  - m_PersistentCalls:
      m_Calls:
      - m_Target: {fileID: 4352501815459668476}
        m_TargetAssemblyTypeName: PlayerInputHandler, Assembly-CSharp
        m_MethodName: OnJump
        m_Mode: 0
        m_Arguments:
          m_ObjectArgument: {fileID: 0}
          m_ObjectArgumentAssemblyTypeName: UnityEngine.Object, UnityEngine
          m_IntArgument: 0
          m_FloatArgument: 0
          m_StringArgument: 
          m_BoolArgument: 0
        m_CallState: 2
    m_ActionId: f0ae5c60-2c87-4178-b7f3-9b1e2d4d31bd
    m_ActionName: Player/Jump[/XInputControllerWindows/buttonSouth,/Keyboard/space]
  - m_PersistentCalls:
      m_Calls:
      - m_Target: {fileID: 4352501815459668476}
        m_TargetAssemblyTypeName: PlayerInputHandler, Assembly-CSharp
        m_MethodName: OnBash
        m_Mode: 0
        m_Arguments:
          m_ObjectArgument: {fileID: 0}
          m_ObjectArgumentAssemblyTypeName: UnityEngine.Object, UnityEngine
          m_IntArgument: 0
          m_FloatArgument: 0
          m_StringArgument: 
          m_BoolArgument: 0
        m_CallState: 2
    m_ActionId: ad45620d-7923-4134-bdda-aad11a8708f1
    m_ActionName: Player/Bash[/XInputControllerWindows/buttonEast,/Keyboard/enter]
  - m_PersistentCalls:
      m_Calls:
      - m_Target: {fileID: 4352501815459668476}
        m_TargetAssemblyTypeName: PlayerInputHandler, Assembly-CSharp
        m_MethodName: OnInteract
        m_Mode: 0
        m_Arguments:
          m_ObjectArgument: {fileID: 0}
          m_ObjectArgumentAssemblyTypeName: UnityEngine.Object, UnityEngine
          m_IntArgument: 0
          m_FloatArgument: 0
          m_StringArgument: 
          m_BoolArgument: 0
        m_CallState: 2
    m_ActionId: de2e650c-b4e6-42d3-9725-b6a60f9d77d6
    m_ActionName: Player/Interact[/XInputControllerWindows/buttonNorth,/Keyboard/e]
  - m_PersistentCalls:
      m_Calls:
      - m_Target: {fileID: 4352501815459668476}
        m_TargetAssemblyTypeName: PlayerInputHandler, Assembly-CSharp
        m_MethodName: OnCheat
        m_Mode: 0
        m_Arguments:
          m_ObjectArgument: {fileID: 0}
          m_ObjectArgumentAssemblyTypeName: UnityEngine.Object, UnityEngine
          m_IntArgument: 0
          m_FloatArgument: 0
          m_StringArgument: 
          m_BoolArgument: 0
        m_CallState: 2
    m_ActionId: 978c56bd-422d-4eb0-bdc3-a0d138e9112d
    m_ActionName: Player/Cheats[/Keyboard/backquote]
  - m_PersistentCalls:
      m_Calls:
      - m_Target: {fileID: 4352501815459668476}
        m_TargetAssemblyTypeName: PlayerInputHandler, Assembly-CSharp
        m_MethodName: OnReturn
        m_Mode: 0
        m_Arguments:
          m_ObjectArgument: {fileID: 0}
          m_ObjectArgumentAssemblyTypeName: UnityEngine.Object, UnityEngine
          m_IntArgument: 0
          m_FloatArgument: 0
          m_StringArgument: 
          m_BoolArgument: 0
        m_CallState: 2
    m_ActionId: fc77e435-8582-425d-bea4-58080c262bcc
    m_ActionName: Player/Return[/Keyboard/enter]
  - m_PersistentCalls:
      m_Calls:
      - m_Target: {fileID: 4352501815459668476}
        m_TargetAssemblyTypeName: PlayerInputHandler, Assembly-CSharp
        m_MethodName: OnUse
        m_Mode: 0
        m_Arguments:
          m_ObjectArgument: {fileID: 0}
          m_ObjectArgumentAssemblyTypeName: UnityEngine.Object, UnityEngine
          m_IntArgument: 0
          m_FloatArgument: 0
          m_StringArgument: 
          m_BoolArgument: 0
        m_CallState: 2
    m_ActionId: e018b5dd-6963-4660-b99b-603550ad93d7
    m_ActionName: Player/Use[/Keyboard/q,/XInputControllerWindows/rightTrigger]
  - m_PersistentCalls:
      m_Calls: []
    m_ActionId: 11cc8bf8-6592-4de9-ad57-c37f201be2ff
    m_ActionName: Player/Pause[/Keyboard/escape]
  - m_PersistentCalls:
      m_Calls:
      - m_Target: {fileID: 4352501815459668476}
        m_TargetAssemblyTypeName: PlayerInputHandler, Assembly-CSharp
        m_MethodName: OnSwitchCharacters
        m_Mode: 0
        m_Arguments:
          m_ObjectArgument: {fileID: 0}
          m_ObjectArgumentAssemblyTypeName: UnityEngine.Object, UnityEngine
          m_IntArgument: 0
          m_FloatArgument: 0
          m_StringArgument: 
          m_BoolArgument: 0
        m_CallState: 2
    m_ActionId: bfce6677-cfc1-4d4a-9644-6b01ae51bb66
    m_ActionName: Player/SwitchCharacters[/Keyboard/tab,/XInputControllerWindows/leftShoulder]
  m_NeverAutoSwitchControlSchemes: 0
  m_DefaultControlScheme: 
  m_DefaultActionMap: Player
  m_SplitScreenIndex: -1
  m_Camera: {fileID: 0}
--- !u!114 &4352501815459668476
MonoBehaviour:
  m_ObjectHideFlags: 0
  m_CorrespondingSourceObject: {fileID: 0}
  m_PrefabInstance: {fileID: 0}
  m_PrefabAsset: {fileID: 0}
  m_GameObject: {fileID: 4352501815459668479}
  m_Enabled: 1
  m_EditorHideFlags: 0
  m_Script: {fileID: 11500000, guid: 416549fd97435ab4b958e79531a5d810, type: 3}
  m_Name: 
  m_EditorClassIdentifier: 
  character_name: 
  player_input: {fileID: 0}
  player_index: 0
  device_lost: 0
  walk_input:
    m_Name: Walk_input
    m_Type: 0
    m_ExpectedControlType: 
    m_Id: 061d82a9-8426-44aa-a382-d71b2824b4f5
    m_Processors: 
    m_Interactions: 
    m_SingletonActionBindings: []
  movement: {fileID: 0}
  respawn: {fileID: 0}
  look_projector: {fileID: 0}
  interact: {fileID: 0}
  debug_controller: {fileID: 0}
  bash: {fileID: 0}
  unoccupied_ai: {fileID: 0}
  character_manager: {fileID: 0}
